@inproceedings{qiu2019embedded,
  title={Embedded Block Residual Network: A Recursive Restoration Model for Single-Image Super-Resolution},
  author={Qiu, Yajun and Wang, Ruxin and Tao, Dapeng and Cheng, Jun},
  booktitle={Proceedings of the IEEE International Conference on Computer Vision},
  pages={4180--4189},
  year={2019}
}