@article{aggarwal2020real,
  title={Real-World Airline Crew Pairing Optimization: Customized Genetic Algorithm versus Column Generation Method},
  author={Aggarwal, Divyam and Saxena, Dhish Kumar and Back, Thomas and Emmerich, Michael},
  journal={arXiv preprint arXiv:2003.03792},
  year={2020}
}

@inproceedings{du2020effective,
  title={Effective Wavenet Adaptation for Voice Conversion with Limited Data},
  author={Du, Hongqiang and Tian, Xiaohai and Xie, Lei and Li, Haizhou},
  booktitle={ICASSP 2020-2020 IEEE International Conference on Acoustics, Speech and Signal Processing (ICASSP)},
  pages={7779--7783},
  year={2020},
  organization={IEEE}
}

@article{agarwal2020detecting,
  title={Detecting Deep-Fake Videos from Appearance and Behavior},
  author={Agarwal, Shruti and El-Gaaly, Tarek and Farid, Hany and Lim, Ser-Nam},
  journal={arXiv preprint arXiv:2004.14491},
  year={2020}
}